%% This BibTeX bibliography file was created using BibDesk.
%% http://bibdesk.sourceforge.net/


%% Created for Juste Raimbault at 2014-12-23 21:14:17 +0100 


%% Saved with string encoding Occidental (ISO Latin 1) 



@article{etienne2012model,
	Author = {ETIENNE, COME and LATIFA, OUKHELLOU},
	Date-Added = {2014-12-22 21:37:49 +0000},
	Date-Modified = {2014-12-23 20:14:16 +0000},
	Journal = {Transportation Research-Part C Emerging Technologies},
	Pages = {88},
	Title = {Model-based count series clustering for Bike-sharing system usage mining, a case study with the V{\'e}lib'system of Paris.},
	Volume = {22},
	Year = {2012},
	Bdsk-File-1 = {YnBsaXN0MDDUAQIDBAUGJCVYJHZlcnNpb25YJG9iamVjdHNZJGFyY2hpdmVyVCR0b3ASAAGGoKgHCBMUFRYaIVUkbnVsbNMJCgsMDRBWJGNsYXNzV05TLmtleXNaTlMub2JqZWN0c4AHog4PgAKAA6IREoAEgAVccmVsYXRpdmVQYXRoWWFsaWFzRGF0YV8QJURvY3MvVGltZVNlcmllc0NsdXN0ZXJpbmdfdmVsaWJwcC5wZGbSCRcYGVdOUy5kYXRhgAZPEQIcAAAAAAIcAAIAAAxNYWNpbnRvc2ggSEQAAAAAAAAAAAAAAAAAAADKQQYMSCsAAAEdML0fVGltZVNlcmllc0NsdXN0ZXJpbiMyMEU4MUFDLnBkZgAAAAAAAAAAAAAAAAAAAAAAAAAAAAAAAAAAAAAAAAAAAg6BrNC+TY4AAAAAAAAAAAABAAMAAAkgAAAAAAAAAAAAAAAAAAAABERvY3MAEAAIAADKQOnsAAAAEQAIAADQvj9+AAAAAQAcAR0wvQEdMLsBEk5wAJDCKQAFAhUABQIUAAC+7AACAG5NYWNpbnRvc2ggSEQ6VXNlcnM6AEp1c3RlOgBEb2N1bWVudHM6AENvbXBsZXhTeXN0ZW1zOgBDaXR5QmlrZXM6AEJpYmxpbzoARG9jczoAVGltZVNlcmllc0NsdXN0ZXJpbiMyMEU4MUFDLnBkZgAOAEIAIABUAGkAbQBlAFMAZQByAGkAZQBzAEMAbAB1AHMAdABlAHIAaQBuAGcAXwB2AGUAbABpAGIAcABwAC4AcABkAGYADwAaAAwATQBhAGMAaQBuAHQAbwBzAGgAIABIAEQAEgBbVXNlcnMvSnVzdGUvRG9jdW1lbnRzL0NvbXBsZXhTeXN0ZW1zL0NpdHlCaWtlcy9CaWJsaW8vRG9jcy9UaW1lU2VyaWVzQ2x1c3RlcmluZ192ZWxpYnBwLnBkZgAAEwABLwAAFQACAAz//wAA0hscHR5aJGNsYXNzbmFtZVgkY2xhc3Nlc11OU011dGFibGVEYXRhox0fIFZOU0RhdGFYTlNPYmplY3TSGxwiI1xOU0RpY3Rpb25hcnmiIiBfEA9OU0tleWVkQXJjaGl2ZXLRJidUcm9vdIABAAgAEQAaACMALQAyADcAQABGAE0AVABcAGcAaQBsAG4AcABzAHUAdwCEAI4AtgC7AMMAxQLlAuoC9QL+AwwDEAMXAyADJQMyAzUDRwNKA08AAAAAAAACAQAAAAAAAAAoAAAAAAAAAAAAAAAAAAADUQ==}}

@article{singla2015incentivizing,
	Author = {Singla, Adish and Santoni, Marco and Bart{\'o}k, G{\'a}bor and Mukerji, Pratik and Meenen, Moritz and Krause, Andreas},
	Date-Added = {2014-12-22 21:36:25 +0000},
	Date-Modified = {2014-12-22 21:36:25 +0000},
	Title = {Incentivizing Users for Balancing Bike Sharing Systems},
	Year = {2015},
	Bdsk-File-1 = {YnBsaXN0MDDUAQIDBAUGJCVYJHZlcnNpb25YJG9iamVjdHNZJGFyY2hpdmVyVCR0b3ASAAGGoKgHCBMUFRYaIVUkbnVsbNMJCgsMDRBWJGNsYXNzV05TLmtleXNaTlMub2JqZWN0c4AHog4PgAKAA6IREoAEgAVccmVsYXRpdmVQYXRoWWFsaWFzRGF0YV8QHkRvY3Mvc2luZ2xhMTVpbmNlbnRpdml6aW5nLnBkZtIJFxgZV05TLmRhdGGABk8RAgAAAAAAAgAAAgAADE1hY2ludG9zaCBIRAAAAAAAAAAAAAAAAAAAAMpBBgxIKwAAAR0wvRlzaW5nbGExNWluY2VudGl2aXppbmcucGRmAAAAAAAAAAAAAAAAAAAAAAAAAAAAAAAAAAAAAAAAAAAAAAAAAAACDoCy0L5NMAAAAAAAAAAAAAEAAwAACSAAAAAAAAAAAAAAAAAAAAAERG9jcwAQAAgAAMpA6ewAAAARAAgAANC+PyAAAAABABwBHTC9AR0wuwESTnAAkMIpAAUCFQAFAhQAAL7sAAIAaE1hY2ludG9zaCBIRDpVc2VyczoASnVzdGU6AERvY3VtZW50czoAQ29tcGxleFN5c3RlbXM6AENpdHlCaWtlczoAQmlibGlvOgBEb2NzOgBzaW5nbGExNWluY2VudGl2aXppbmcucGRmAA4ANAAZAHMAaQBuAGcAbABhADEANQBpAG4AYwBlAG4AdABpAHYAaQB6AGkAbgBnAC4AcABkAGYADwAaAAwATQBhAGMAaQBuAHQAbwBzAGgAIABIAEQAEgBUVXNlcnMvSnVzdGUvRG9jdW1lbnRzL0NvbXBsZXhTeXN0ZW1zL0NpdHlCaWtlcy9CaWJsaW8vRG9jcy9zaW5nbGExNWluY2VudGl2aXppbmcucGRmABMAAS8AABUAAgAM//8AANIbHB0eWiRjbGFzc25hbWVYJGNsYXNzZXNdTlNNdXRhYmxlRGF0YaMdHyBWTlNEYXRhWE5TT2JqZWN00hscIiNcTlNEaWN0aW9uYXJ5oiIgXxAPTlNLZXllZEFyY2hpdmVy0SYnVHJvb3SAAQAIABEAGgAjAC0AMgA3AEAARgBNAFQAXABnAGkAbABuAHAAcwB1AHcAhACOAK8AtAC8AL4CwgLHAtIC2wLpAu0C9AL9AwIDDwMSAyQDJwMsAAAAAAAAAgEAAAAAAAAAKAAAAAAAAAAAAAAAAAAAAy4=}}

@article{karatzoglou2004kernlab,
	Author = {Karatzoglou, Alexandros and Smola, Alex and Hornik, Kurt and Zeileis, Achim},
	Date-Added = {2013-12-16 16:22:30 +0000},
	Date-Modified = {2013-12-16 16:22:30 +0000},
	Publisher = {Institut f{\"u}r Statistik und Mathematik, WU Vienna University of Economics and Business},
	Title = {kernlab-an S4 package for kernel methods in R},
	Year = {2004}}

@article{boutron2010reporting,
	Author = {Boutron, Isabelle and Dutton, Susan and Ravaud, Philippe and Altman, Douglas G},
	Date-Added = {2013-12-16 10:05:16 +0000},
	Date-Modified = {2013-12-16 10:05:16 +0000},
	Journal = {JAMA: the journal of the American Medical Association},
	Number = {20},
	Pages = {2058--2064},
	Publisher = {Am Med Assoc},
	Title = {Reporting and interpretation of randomized controlled trials with statistically nonsignificant results for primary outcomes},
	Volume = {303},
	Year = {2010}}

@article{dersimonian1986meta,
	Author = {DerSimonian, Rebecca and Laird, Nan},
	Date-Added = {2013-12-16 08:49:52 +0000},
	Date-Modified = {2013-12-16 08:49:52 +0000},
	Journal = {Controlled clinical trials},
	Number = {3},
	Pages = {177--188},
	Publisher = {Elsevier},
	Title = {Meta-analysis in clinical trials},
	Volume = {7},
	Year = {1986}}

@article{tsybakov2004introduction,
	Author = {Tsybakov, Alexandre B},
	Date-Added = {2013-12-14 14:28:44 +0000},
	Date-Modified = {2013-12-14 14:28:44 +0000},
	Publisher = {Math{\'e}matiques$\backslash$ \& Applications (Paris)},
	Title = {Introduction to nonparametric estimation. (Introduction {\`a} l'estimation non-param{\'e}trique.)},
	Year = {2004}}

@article{couture2013rjson,
	Author = {Couture-Beil, Alex},
	Date-Added = {2013-12-10 22:11:03 +0000},
	Date-Modified = {2013-12-10 22:11:03 +0000},
	Journal = {R package version 0.2},
	Title = {rjson: JSON for R},
	Volume = {13},
	Year = {2013}}

@article{keitt2011rgdal,
	Author = {Keitt, Timothy H and Bivand, Roger and Pebesma, Edzer and Rowlingson, Barry},
	Date-Added = {2013-12-10 22:10:32 +0000},
	Date-Modified = {2013-12-10 22:10:32 +0000},
	Journal = {R package version 0.7-1, URL http://CRAN. R-project. org/package= rgdal},
	Title = {rgdal: bindings for the Geospatial Data Abstraction Library},
	Year = {2011}}

@article{banos2011simuler,
	Author = {Banos, Arnaud and Boffet-Mas, Annabelle and Chardonnel, Sonia and Lang, Christophe and Marilleau, Nicolas and Th{\'e}venin, Thomas and others},
	Date-Added = {2013-12-10 20:10:29 +0000},
	Date-Modified = {2013-12-10 20:10:29 +0000},
	Journal = {Mobilit{\'e}s urbaines et risques des transports},
	Title = {Simuler la mobilit{\'e} urbaine quotidienne: le projet MIRO},
	Year = {2011}}

@article{warren2005clustering,
	Author = {Warren Liao, T},
	Date-Added = {2013-12-07 19:56:38 +0000},
	Date-Modified = {2013-12-07 19:56:38 +0000},
	Journal = {Pattern Recognition},
	Number = {11},
	Pages = {1857--1874},
	Publisher = {Elsevier},
	Title = {Clustering of time series data---a survey},
	Volume = {38},
	Year = {2005},
	Bdsk-File-1 = {YnBsaXN0MDDUAQIDBAUGJCVYJHZlcnNpb25YJG9iamVjdHNZJGFyY2hpdmVyVCR0b3ASAAGGoKgHCBMUFRYaIVUkbnVsbNMJCgsMDRBWJGNsYXNzV05TLmtleXNaTlMub2JqZWN0c4AHog4PgAKAA6IREoAEgAVccmVsYXRpdmVQYXRoWWFsaWFzRGF0YV8QE0RvY3MvVGltZVNlcmllcy5wZGbSCRcYGVdOUy5kYXRhgAZPEQHWAAAAAAHWAAIAAAxNYWNpbnRvc2ggSEQAAAAAAAAAAAAAAAAAAADKQQYMSCsAAAEdML0OVGltZVNlcmllcy5wZGYAAAAAAAAAAAAAAAAAAAAAAAAAAAAAAAAAAAAAAAAAAAAAAAAAAAAAAAAAAAAAAAAAAUyoI87JO+UAAAAAAAAAAAABAAMAAAkgAAAAAAAAAAAAAAAAAAAABERvY3MAEAAIAADKQOnsAAAAEQAIAADOyS3VAAAAAQAcAR0wvQEdMLsBEk5wAJDCKQAFAhUABQIUAAC+7AACAF1NYWNpbnRvc2ggSEQ6VXNlcnM6AEp1c3RlOgBEb2N1bWVudHM6AENvbXBsZXhTeXN0ZW1zOgBDaXR5QmlrZXM6AEJpYmxpbzoARG9jczoAVGltZVNlcmllcy5wZGYAAA4AHgAOAFQAaQBtAGUAUwBlAHIAaQBlAHMALgBwAGQAZgAPABoADABNAGEAYwBpAG4AdABvAHMAaAAgAEgARAASAElVc2Vycy9KdXN0ZS9Eb2N1bWVudHMvQ29tcGxleFN5c3RlbXMvQ2l0eUJpa2VzL0JpYmxpby9Eb2NzL1RpbWVTZXJpZXMucGRmAAATAAEvAAAVAAIADP//AADSGxwdHlokY2xhc3NuYW1lWCRjbGFzc2VzXU5TTXV0YWJsZURhdGGjHR8gVk5TRGF0YVhOU09iamVjdNIbHCIjXE5TRGljdGlvbmFyeaIiIF8QD05TS2V5ZWRBcmNoaXZlctEmJ1Ryb290gAEACAARABoAIwAtADIANwBAAEYATQBUAFwAZwBpAGwAbgBwAHMAdQB3AIQAjgCkAKkAsQCzAo0CkgKdAqYCtAK4Ar8CyALNAtoC3QLvAvIC9wAAAAAAAAIBAAAAAAAAACgAAAAAAAAAAAAAAAAAAAL5}}

@article{demaio2009bike,
	Author = {DeMaio, Paul},
	Date-Added = {2013-10-21 13:31:57 +0000},
	Date-Modified = {2013-10-21 13:31:57 +0000},
	Journal = {Journal of Public Transportation},
	Number = {4},
	Pages = {41--56},
	Title = {Bike-sharing: History, impacts, models of provision, and future},
	Volume = {12},
	Year = {2009},
	Bdsk-File-1 = {YnBsaXN0MDDUAQIDBAUGJCVYJHZlcnNpb25YJG9iamVjdHNZJGFyY2hpdmVyVCR0b3ASAAGGoKgHCBMUFRYaIVUkbnVsbNMJCgsMDRBWJGNsYXNzV05TLmtleXNaTlMub2JqZWN0c4AHog4PgAKAA6IREoAEgAVccmVsYXRpdmVQYXRoWWFsaWFzRGF0YV8QHURvY3MvSGlzdG9yeUpQVDEyLTREZU1haW8ucGRm0gkXGBlXTlMuZGF0YYAGTxEB/gAAAAAB/gACAAAMTWFjaW50b3NoIEhEAAAAAAAAAAAAAAAAAAAAykEGDEgrAAABHTC9GEhpc3RvcnlKUFQxMi00RGVNYWlvLnBkZgAAAAAAAAAAAAAAAAAAAAAAAAAAAAAAAAAAAAAAAAAAAAAAAAAAAAEttEnOivkQAAAAAAAAAAAAAQADAAAJIAAAAAAAAAAAAAAAAAAAAAREb2NzABAACAAAykDp7AAAABEACAAAzorc8AAAAAEAHAEdML0BHTC7ARJOcACQwikABQIVAAUCFAAAvuwAAgBnTWFjaW50b3NoIEhEOlVzZXJzOgBKdXN0ZToARG9jdW1lbnRzOgBDb21wbGV4U3lzdGVtczoAQ2l0eUJpa2VzOgBCaWJsaW86AERvY3M6AEhpc3RvcnlKUFQxMi00RGVNYWlvLnBkZgAADgAyABgASABpAHMAdABvAHIAeQBKAFAAVAAxADIALQA0AEQAZQBNAGEAaQBvAC4AcABkAGYADwAaAAwATQBhAGMAaQBuAHQAbwBzAGgAIABIAEQAEgBTVXNlcnMvSnVzdGUvRG9jdW1lbnRzL0NvbXBsZXhTeXN0ZW1zL0NpdHlCaWtlcy9CaWJsaW8vRG9jcy9IaXN0b3J5SlBUMTItNERlTWFpby5wZGYAABMAAS8AABUAAgAM//8AANIbHB0eWiRjbGFzc25hbWVYJGNsYXNzZXNdTlNNdXRhYmxlRGF0YaMdHyBWTlNEYXRhWE5TT2JqZWN00hscIiNcTlNEaWN0aW9uYXJ5oiIgXxAPTlNLZXllZEFyY2hpdmVy0SYnVHJvb3SAAQAIABEAGgAjAC0AMgA3AEAARgBNAFQAXABnAGkAbABuAHAAcwB1AHcAhACOAK4AswC7AL0CvwLEAs8C2ALmAuoC8QL6Av8DDAMPAyEDJAMpAAAAAAAAAgEAAAAAAAAAKAAAAAAAAAAAAAAAAAAAAys=}}

@article{liu2012solving,
	Author = {Liu, Zhili and Jia, Xudong and Cheng, Wen},
	Date-Added = {2013-10-21 11:59:27 +0000},
	Date-Modified = {2013-10-21 11:59:27 +0000},
	Journal = {Procedia-Social and Behavioral Sciences},
	Pages = {73--78},
	Publisher = {Elsevier},
	Title = {Solving the Last Mile Problem: Ensure the Success of Public Bicycle System in Beijing},
	Volume = {43},
	Year = {2012},
	Bdsk-File-1 = {YnBsaXN0MDDUAQIDBAUGJCVYJHZlcnNpb25YJG9iamVjdHNZJGFyY2hpdmVyVCR0b3ASAAGGoKgHCBMUFRYaIVUkbnVsbNMJCgsMDRBWJGNsYXNzV05TLmtleXNaTlMub2JqZWN0c4AHog4PgAKAA6IREoAEgAVccmVsYXRpdmVQYXRoWWFsaWFzRGF0YV8QNURvY3MvTGFzdE1pbGVQcm9ibGVtMS1zMi4wLVMxODc3MDQyODEyMDA5NjAzLW1haW4ucGRm0gkXGBlXTlMuZGF0YYAGTxECTAAAAAACTAACAAAMTWFjaW50b3NoIEhEAAAAAAAAAAAAAAAAAAAAykEGDEgrAAABHTC9H0xhc3RNaWxlUHJvYmxlbTEtczIjMTJENzFGNy5wZGYAAAAAAAAAAAAAAAAAAAAAAAAAAAAAAAAAAAAAAAAAAAEtcffOiuOtAAAAAAAAAAAAAQADAAAJIAAAAAAAAAAAAAAAAAAAAAREb2NzABAACAAAykDp7AAAABEACAAAzorHjQAAAAEAHAEdML0BHTC7ARJOcACQwikABQIVAAUCFAAAvuwAAgBuTWFjaW50b3NoIEhEOlVzZXJzOgBKdXN0ZToARG9jdW1lbnRzOgBDb21wbGV4U3lzdGVtczoAQ2l0eUJpa2VzOgBCaWJsaW86AERvY3M6AExhc3RNaWxlUHJvYmxlbTEtczIjMTJENzFGNy5wZGYADgBiADAATABhAHMAdABNAGkAbABlAFAAcgBvAGIAbABlAG0AMQAtAHMAMgAuADAALQBTADEAOAA3ADcAMAA0ADIAOAAxADIAMAAwADkANgAwADMALQBtAGEAaQBuAC4AcABkAGYADwAaAAwATQBhAGMAaQBuAHQAbwBzAGgAIABIAEQAEgBrVXNlcnMvSnVzdGUvRG9jdW1lbnRzL0NvbXBsZXhTeXN0ZW1zL0NpdHlCaWtlcy9CaWJsaW8vRG9jcy9MYXN0TWlsZVByb2JsZW0xLXMyLjAtUzE4NzcwNDI4MTIwMDk2MDMtbWFpbi5wZGYAABMAAS8AABUAAgAM//8AANIbHB0eWiRjbGFzc25hbWVYJGNsYXNzZXNdTlNNdXRhYmxlRGF0YaMdHyBWTlNEYXRhWE5TT2JqZWN00hscIiNcTlNEaWN0aW9uYXJ5oiIgXxAPTlNLZXllZEFyY2hpdmVy0SYnVHJvb3SAAQAIABEAGgAjAC0AMgA3AEAARgBNAFQAXABnAGkAbABuAHAAcwB1AHcAhACOAMYAywDTANUDJQMqAzUDPgNMA1ADVwNgA2UDcgN1A4cDigOPAAAAAAAAAgEAAAAAAAAAKAAAAAAAAAAAAAAAAAAAA5E=}}

@article{vogel2011understanding,
	Author = {Vogel, Patrick and Greiser, Torsten and Mattfeld, Dirk Christian},
	Date-Added = {2013-10-21 11:56:20 +0000},
	Date-Modified = {2013-10-21 11:56:20 +0000},
	Journal = {Procedia-Social and Behavioral Sciences},
	Pages = {514--523},
	Publisher = {Elsevier},
	Title = {Understanding Bike-Sharing Systems using Data Mining: Exploring Activity Patterns},
	Volume = {20},
	Year = {2011},
	Bdsk-File-1 = {YnBsaXN0MDDUAQIDBAUGJCVYJHZlcnNpb25YJG9iamVjdHNZJGFyY2hpdmVyVCR0b3ASAAGGoKgHCBMUFRYaIVUkbnVsbNMJCgsMDRBWJGNsYXNzV05TLmtleXNaTlMub2JqZWN0c4AHog4PgAKAA6IREoAEgAVccmVsYXRpdmVQYXRoWWFsaWFzRGF0YV8QMERvY3MvRGF0YU1pbmluZzEtczIuMC1TMTg3NzA0MjgxMTAxNDM4OC1tYWluLnBkZtIJFxgZV05TLmRhdGGABk8RAjwAAAAAAjwAAgAADE1hY2ludG9zaCBIRAAAAAAAAAAAAAAAAAAAAMpBBgxIKwAAAR0wvR9EYXRhTWluaW5nMS1zMi4wLVMxIzEyRDZEOUYucGRmAAAAAAAAAAAAAAAAAAAAAAAAAAAAAAAAAAAAAAAAAAABLW2fzorjHAAAAAAAAAAAAAEAAwAACSAAAAAAAAAAAAAAAAAAAAAERG9jcwAQAAgAAMpA6ewAAAARAAgAAM6KxvwAAAABABwBHTC9AR0wuwESTnAAkMIpAAUCFQAFAhQAAL7sAAIAbk1hY2ludG9zaCBIRDpVc2VyczoASnVzdGU6AERvY3VtZW50czoAQ29tcGxleFN5c3RlbXM6AENpdHlCaWtlczoAQmlibGlvOgBEb2NzOgBEYXRhTWluaW5nMS1zMi4wLVMxIzEyRDZEOUYucGRmAA4AWAArAEQAYQB0AGEATQBpAG4AaQBuAGcAMQAtAHMAMgAuADAALQBTADEAOAA3ADcAMAA0ADIAOAAxADEAMAAxADQAMwA4ADgALQBtAGEAaQBuAC4AcABkAGYADwAaAAwATQBhAGMAaQBuAHQAbwBzAGgAIABIAEQAEgBmVXNlcnMvSnVzdGUvRG9jdW1lbnRzL0NvbXBsZXhTeXN0ZW1zL0NpdHlCaWtlcy9CaWJsaW8vRG9jcy9EYXRhTWluaW5nMS1zMi4wLVMxODc3MDQyODExMDE0Mzg4LW1haW4ucGRmABMAAS8AABUAAgAM//8AANIbHB0eWiRjbGFzc25hbWVYJGNsYXNzZXNdTlNNdXRhYmxlRGF0YaMdHyBWTlNEYXRhWE5TT2JqZWN00hscIiNcTlNEaWN0aW9uYXJ5oiIgXxAPTlNLZXllZEFyY2hpdmVy0SYnVHJvb3SAAQAIABEAGgAjAC0AMgA3AEAARgBNAFQAXABnAGkAbABuAHAAcwB1AHcAhACOAMEAxgDOANADEAMVAyADKQM3AzsDQgNLA1ADXQNgA3IDdQN6AAAAAAAAAgEAAAAAAAAAKAAAAAAAAAAAAAAAAAAAA3w=}}

@article{kaltenbrunner2010urban,
	Author = {Kaltenbrunner, Andreas and Meza, Rodrigo and Grivolla, Jens and Codina, Joan and Banchs, Rafael},
	Date-Added = {2013-10-21 11:54:22 +0000},
	Date-Modified = {2013-10-21 11:54:22 +0000},
	Journal = {Pervasive and Mobile Computing},
	Number = {4},
	Pages = {455--466},
	Publisher = {Elsevier},
	Title = {Urban cycles and mobility patterns: Exploring and predicting trends in a bicycle-based public transport system},
	Volume = {6},
	Year = {2010},
	Bdsk-File-1 = {YnBsaXN0MDDUAQIDBAUGJCVYJHZlcnNpb25YJG9iamVjdHNZJGFyY2hpdmVyVCR0b3ASAAGGoKgHCBMUFRYaIVUkbnVsbNMJCgsMDRBWJGNsYXNzV05TLmtleXNaTlMub2JqZWN0c4AHog4PgAKAA6IREoAEgAVccmVsYXRpdmVQYXRoWWFsaWFzRGF0YV8QN0RvY3MvTW9iaWxpdHlQYXR0ZXJuc18xLXMyLjAtUzE1NzQxMTkyMTAwMDA1NjgtbWFpbi5wZGbSCRcYGVdOUy5kYXRhgAZPEQJSAAAAAAJSAAIAAAxNYWNpbnRvc2ggSEQAAAAAAAAAAAAAAAAAAADKQQYMSCsAAAEdML0fTW9iaWxpdHlQYXR0ZXJuc18xLSMxMkQ2N0MwLnBkZgAAAAAAAAAAAAAAAAAAAAAAAAAAAAAAAAAAAAAAAAAAAS1nwM6K4pgAAAAAAAAAAAABAAMAAAkgAAAAAAAAAAAAAAAAAAAABERvY3MAEAAIAADKQOnsAAAAEQAIAADOisZ4AAAAAQAcAR0wvQEdMLsBEk5wAJDCKQAFAhUABQIUAAC+7AACAG5NYWNpbnRvc2ggSEQ6VXNlcnM6AEp1c3RlOgBEb2N1bWVudHM6AENvbXBsZXhTeXN0ZW1zOgBDaXR5QmlrZXM6AEJpYmxpbzoARG9jczoATW9iaWxpdHlQYXR0ZXJuc18xLSMxMkQ2N0MwLnBkZgAOAGYAMgBNAG8AYgBpAGwAaQB0AHkAUABhAHQAdABlAHIAbgBzAF8AMQAtAHMAMgAuADAALQBTADEANQA3ADQAMQAxADkAMgAxADAAMAAwADAANQA2ADgALQBtAGEAaQBuAC4AcABkAGYADwAaAAwATQBhAGMAaQBuAHQAbwBzAGgAIABIAEQAEgBtVXNlcnMvSnVzdGUvRG9jdW1lbnRzL0NvbXBsZXhTeXN0ZW1zL0NpdHlCaWtlcy9CaWJsaW8vRG9jcy9Nb2JpbGl0eVBhdHRlcm5zXzEtczIuMC1TMTU3NDExOTIxMDAwMDU2OC1tYWluLnBkZgAAEwABLwAAFQACAAz//wAA0hscHR5aJGNsYXNzbmFtZVgkY2xhc3Nlc11OU011dGFibGVEYXRhox0fIFZOU0RhdGFYTlNPYmplY3TSGxwiI1xOU0RpY3Rpb25hcnmiIiBfEA9OU0tleWVkQXJjaGl2ZXLRJidUcm9vdIABAAgAEQAaACMALQAyADcAQABGAE0AVABcAGcAaQBsAG4AcABzAHUAdwCEAI4AyADNANUA1wMtAzIDPQNGA1QDWANfA2gDbQN6A30DjwOSA5cAAAAAAAACAQAAAAAAAAAoAAAAAAAAAAAAAAAAAAADmQ==}}

@article{lin2011strategic,
	Author = {Lin, Jenn-Rong and Yang, Ta-Hui},
	Date-Added = {2013-10-21 11:52:37 +0000},
	Date-Modified = {2013-10-21 11:52:37 +0000},
	Journal = {Transportation research part E: logistics and transportation review},
	Number = {2},
	Pages = {284--294},
	Publisher = {Elsevier},
	Title = {Strategic design of public bicycle sharing systems with service level constraints},
	Volume = {47},
	Year = {2011},
	Bdsk-File-1 = {YnBsaXN0MDDUAQIDBAUGJCVYJHZlcnNpb25YJG9iamVjdHNZJGFyY2hpdmVyVCR0b3ASAAGGoKgHCBMUFRYaIVUkbnVsbNMJCgsMDRBWJGNsYXNzV05TLmtleXNaTlMub2JqZWN0c4AHog4PgAKAA6IREoAEgAVccmVsYXRpdmVQYXRoWWFsaWFzRGF0YV8QRERvY3MvU3lzdGVtRGVzaWduU2VydmljZUNvbnN0cmFpbnRfMS1zMi4wLVMxMzY2NTU0NTEwMDAwODM5LW1haW4ucGRm0gkXGBlXTlMuZGF0YYAGTxECeAAAAAACeAACAAAMTWFjaW50b3NoIEhEAAAAAAAAAAAAAAAAAAAAykEGDEgrAAABHTC9H1N5c3RlbURlc2lnblNlcnZpY2UjMTJENjY3Ni5wZGYAAAAAAAAAAAAAAAAAAAAAAAAAAAAAAAAAAAAAAAAAAAEtZnbOiuH0AAAAAAAAAAAAAQADAAAJIAAAAAAAAAAAAAAAAAAAAAREb2NzABAACAAAykDp7AAAABEACAAAzorF1AAAAAEAHAEdML0BHTC7ARJOcACQwikABQIVAAUCFAAAvuwAAgBuTWFjaW50b3NoIEhEOlVzZXJzOgBKdXN0ZToARG9jdW1lbnRzOgBDb21wbGV4U3lzdGVtczoAQ2l0eUJpa2VzOgBCaWJsaW86AERvY3M6AFN5c3RlbURlc2lnblNlcnZpY2UjMTJENjY3Ni5wZGYADgCAAD8AUwB5AHMAdABlAG0ARABlAHMAaQBnAG4AUwBlAHIAdgBpAGMAZQBDAG8AbgBzAHQAcgBhAGkAbgB0AF8AMQAtAHMAMgAuADAALQBTADEAMwA2ADYANQA1ADQANQAxADAAMAAwADAAOAAzADkALQBtAGEAaQBuAC4AcABkAGYADwAaAAwATQBhAGMAaQBuAHQAbwBzAGgAIABIAEQAEgB6VXNlcnMvSnVzdGUvRG9jdW1lbnRzL0NvbXBsZXhTeXN0ZW1zL0NpdHlCaWtlcy9CaWJsaW8vRG9jcy9TeXN0ZW1EZXNpZ25TZXJ2aWNlQ29uc3RyYWludF8xLXMyLjAtUzEzNjY1NTQ1MTAwMDA4MzktbWFpbi5wZGYAEwABLwAAFQACAAz//wAA0hscHR5aJGNsYXNzbmFtZVgkY2xhc3Nlc11OU011dGFibGVEYXRhox0fIFZOU0RhdGFYTlNPYmplY3TSGxwiI1xOU0RpY3Rpb25hcnmiIiBfEA9OU0tleWVkQXJjaGl2ZXLRJidUcm9vdIABAAgAEQAaACMALQAyADcAQABGAE0AVABcAGcAaQBsAG4AcABzAHUAdwCEAI4A1QDaAOIA5ANgA2UDcAN5A4cDiwOSA5sDoAOtA7ADwgPFA8oAAAAAAAACAQAAAAAAAAAoAAAAAAAAAAAAAAAAAAADzA==}}

@article{nair2011fleet,
	Author = {Nair, Rahul and Miller-Hooks, Elise},
	Date-Added = {2013-10-21 11:33:12 +0000},
	Date-Modified = {2013-10-21 11:33:12 +0000},
	Journal = {Transportation Science},
	Number = {4},
	Pages = {524--540},
	Publisher = {INFORMS},
	Title = {Fleet management for vehicle sharing operations},
	Volume = {45},
	Year = {2011},
	Bdsk-File-1 = {YnBsaXN0MDDUAQIDBAUGJCVYJHZlcnNpb25YJG9iamVjdHNZJGFyY2hpdmVyVCR0b3ASAAGGoKgHCBMUFRYaIVUkbnVsbNMJCgsMDRBWJGNsYXNzV05TLmtleXNaTlMub2JqZWN0c4AHog4PgAKAA6IREoAEgAVccmVsYXRpdmVQYXRoWWFsaWFzRGF0YV8QJERvY3MvRmxlZXRNYW5hZ2VtZW50X1VNRC0yMDA4LTAyLnBkZtIJFxgZV05TLmRhdGGABk8RAhgAAAAAAhgAAgAADE1hY2ludG9zaCBIRAAAAAAAAAAAAAAAAAAAAMpBBgxIKwAAAR0wvR9GbGVldE1hbmFnZW1lbnRfVU1ELTIwMDgtMDIucGRmAAAAAAAAAAAAAAAAAAAAAAAAAAAAAAAAAAAAAAAAAAABLV4VzordoAAAAAAAAAAAAAEAAwAACSAAAAAAAAAAAAAAAAAAAAAERG9jcwAQAAgAAMpA6ewAAAARAAgAAM6KwYAAAAABABwBHTC9AR0wuwESTnAAkMIpAAUCFQAFAhQAAL7sAAIAbk1hY2ludG9zaCBIRDpVc2VyczoASnVzdGU6AERvY3VtZW50czoAQ29tcGxleFN5c3RlbXM6AENpdHlCaWtlczoAQmlibGlvOgBEb2NzOgBGbGVldE1hbmFnZW1lbnRfVU1ELTIwMDgtMDIucGRmAA4AQAAfAEYAbABlAGUAdABNAGEAbgBhAGcAZQBtAGUAbgB0AF8AVQBNAEQALQAyADAAMAA4AC0AMAAyAC4AcABkAGYADwAaAAwATQBhAGMAaQBuAHQAbwBzAGgAIABIAEQAEgBaVXNlcnMvSnVzdGUvRG9jdW1lbnRzL0NvbXBsZXhTeXN0ZW1zL0NpdHlCaWtlcy9CaWJsaW8vRG9jcy9GbGVldE1hbmFnZW1lbnRfVU1ELTIwMDgtMDIucGRmABMAAS8AABUAAgAM//8AANIbHB0eWiRjbGFzc25hbWVYJGNsYXNzZXNdTlNNdXRhYmxlRGF0YaMdHyBWTlNEYXRhWE5TT2JqZWN00hscIiNcTlNEaWN0aW9uYXJ5oiIgXxAPTlNLZXllZEFyY2hpdmVy0SYnVHJvb3SAAQAIABEAGgAjAC0AMgA3AEAARgBNAFQAXABnAGkAbABuAHAAcwB1AHcAhACOALUAugDCAMQC4ALlAvAC+QMHAwsDEgMbAyADLQMwA0IDRQNKAAAAAAAAAgEAAAAAAAAAKAAAAAAAAAAAAAAAAAAAA0w=}}

@article{lin2011hub,
	Author = {Lin, Jenn-Rong and Yang, Ta-Hui and Chang, Yu-Chung},
	Date-Added = {2013-10-21 09:56:40 +0000},
	Date-Modified = {2013-10-21 09:56:40 +0000},
	Journal = {Computers \& Industrial Engineering},
	Publisher = {Elsevier},
	Title = {A hub location inventory model for bicycle sharing system design: Formulation and solution},
	Year = {2011},
	Bdsk-File-1 = {YnBsaXN0MDDUAQIDBAUGJCVYJHZlcnNpb25YJG9iamVjdHNZJGFyY2hpdmVyVCR0b3ASAAGGoKgHCBMUFRYaIVUkbnVsbNMJCgsMDRBWJGNsYXNzV05TLmtleXNaTlMub2JqZWN0c4AHog4PgAKAA6IREoAEgAVccmVsYXRpdmVQYXRoWWFsaWFzRGF0YV8QL0RvY3MvQWxnb09wdGltMS1zMi4wLVMwMzYwODM1MjExMDAzNzkyLW1haW4ucGRm0gkXGBlXTlMuZGF0YYAGTxECOgAAAAACOgACAAAMTWFjaW50b3NoIEhEAAAAAAAAAAAAAAAAAAAAykEGDEgrAAABHTC9H0FsZ29PcHRpbTEtczIuMC1TMDMjMTJEMDdFNy5wZGYAAAAAAAAAAAAAAAAAAAAAAAAAAAAAAAAAAAAAAAAAAAEtB+fOisakAAAAAAAAAAAAAQADAAAJIAAAAAAAAAAAAAAAAAAAAAREb2NzABAACAAAykDp7AAAABEACAAAzoqqhAAAAAEAHAEdML0BHTC7ARJOcACQwikABQIVAAUCFAAAvuwAAgBuTWFjaW50b3NoIEhEOlVzZXJzOgBKdXN0ZToARG9jdW1lbnRzOgBDb21wbGV4U3lzdGVtczoAQ2l0eUJpa2VzOgBCaWJsaW86AERvY3M6AEFsZ29PcHRpbTEtczIuMC1TMDMjMTJEMDdFNy5wZGYADgBWACoAQQBsAGcAbwBPAHAAdABpAG0AMQAtAHMAMgAuADAALQBTADAAMwA2ADAAOAAzADUAMgAxADEAMAAwADMANwA5ADIALQBtAGEAaQBuAC4AcABkAGYADwAaAAwATQBhAGMAaQBuAHQAbwBzAGgAIABIAEQAEgBlVXNlcnMvSnVzdGUvRG9jdW1lbnRzL0NvbXBsZXhTeXN0ZW1zL0NpdHlCaWtlcy9CaWJsaW8vRG9jcy9BbGdvT3B0aW0xLXMyLjAtUzAzNjA4MzUyMTEwMDM3OTItbWFpbi5wZGYAABMAAS8AABUAAgAM//8AANIbHB0eWiRjbGFzc25hbWVYJGNsYXNzZXNdTlNNdXRhYmxlRGF0YaMdHyBWTlNEYXRhWE5TT2JqZWN00hscIiNcTlNEaWN0aW9uYXJ5oiIgXxAPTlNLZXllZEFyY2hpdmVy0SYnVHJvb3SAAQAIABEAGgAjAC0AMgA3AEAARgBNAFQAXABnAGkAbABuAHAAcwB1AHcAhACOAMAAxQDNAM8DDQMSAx0DJgM0AzgDPwNIA00DWgNdA28DcgN3AAAAAAAAAgEAAAAAAAAAKAAAAAAAAAAAAAAAAAAAA3k=}}

@article{kek2006relocation,
	Author = {Kek, Alvina GH and Cheu, Ruey Long and Chor, Miaw Ling},
	Date-Added = {2013-10-17 12:33:02 +0000},
	Date-Modified = {2013-10-17 12:33:02 +0000},
	Journal = {Transportation Research Record: Journal of the Transportation Research Board},
	Number = {1},
	Pages = {81--88},
	Publisher = {Trans Res Board},
	Title = {Relocation simulation model for multiple-station shared-use vehicle systems},
	Volume = {1986},
	Year = {2006},
	Bdsk-File-1 = {YnBsaXN0MDDUAQIDBAUGJCVYJHZlcnNpb25YJG9iamVjdHNZJGFyY2hpdmVyVCR0b3ASAAGGoKgHCBMUFRYaIVUkbnVsbNMJCgsMDRBWJGNsYXNzV05TLmtleXNaTlMub2JqZWN0c4AHog4PgAKAA6IREoAEgAVccmVsYXRpdmVQYXRoWWFsaWFzRGF0YV8QIkRvY3MvUmVsb2NTaW11bGF0aW9uc0NhcnNfSUowNS5wZGbSCRcYGVdOUy5kYXRhgAZPEQIQAAAAAAIQAAIAAAxNYWNpbnRvc2ggSEQAAAAAAAAAAAAAAAAAAADKQQYMSCsAAAEdML0dUmVsb2NTaW11bGF0aW9uc0NhcnNfSUowNS5wZGYAAAAAAAAAAAAAAAAAAAAAAAAAAAAAAAAAAAAAAAAAAAAAASufoc6FpYMAAAAAAAAAAAABAAMAAAkgAAAAAAAAAAAAAAAAAAAABERvY3MAEAAIAADKQOnsAAAAEQAIAADOhYljAAAAAQAcAR0wvQEdMLsBEk5wAJDCKQAFAhUABQIUAAC+7AACAGxNYWNpbnRvc2ggSEQ6VXNlcnM6AEp1c3RlOgBEb2N1bWVudHM6AENvbXBsZXhTeXN0ZW1zOgBDaXR5QmlrZXM6AEJpYmxpbzoARG9jczoAUmVsb2NTaW11bGF0aW9uc0NhcnNfSUowNS5wZGYADgA8AB0AUgBlAGwAbwBjAFMAaQBtAHUAbABhAHQAaQBvAG4AcwBDAGEAcgBzAF8ASQBKADAANQAuAHAAZABmAA8AGgAMAE0AYQBjAGkAbgB0AG8AcwBoACAASABEABIAWFVzZXJzL0p1c3RlL0RvY3VtZW50cy9Db21wbGV4U3lzdGVtcy9DaXR5QmlrZXMvQmlibGlvL0RvY3MvUmVsb2NTaW11bGF0aW9uc0NhcnNfSUowNS5wZGYAEwABLwAAFQACAAz//wAA0hscHR5aJGNsYXNzbmFtZVgkY2xhc3Nlc11OU011dGFibGVEYXRhox0fIFZOU0RhdGFYTlNPYmplY3TSGxwiI1xOU0RpY3Rpb25hcnmiIiBfEA9OU0tleWVkQXJjaGl2ZXLRJidUcm9vdIABAAgAEQAaACMALQAyADcAQABGAE0AVABcAGcAaQBsAG4AcABzAHUAdwCEAI4AswC4AMAAwgLWAtsC5gLvAv0DAQMIAxEDFgMjAyYDOAM7A0AAAAAAAAACAQAAAAAAAAAoAAAAAAAAAAAAAAAAAAADQg==}}

@article{barth2004trb,
	Author = {Barth, Matthew and Todd, Michael and Xue, Lei},
	Date-Added = {2013-10-17 12:31:37 +0000},
	Date-Modified = {2013-10-17 12:32:06 +0000},
	Journal = {TRB Paper No. 04-4161},
	Title = {User-Based Vehicle Relocation Techniques for Multiple-Station Shared-Use Vehicle Systems},
	Year = {2004},
	Bdsk-File-1 = {YnBsaXN0MDDUAQIDBAUGJCVYJHZlcnNpb25YJG9iamVjdHNZJGFyY2hpdmVyVCR0b3ASAAGGoKgHCBMUFRYaIVUkbnVsbNMJCgsMDRBWJGNsYXNzV05TLmtleXNaTlMub2JqZWN0c4AHog4PgAKAA6IREoAEgAVccmVsYXRpdmVQYXRoWWFsaWFzRGF0YV8QK0RvY3MvVXNlckJhc2VkUmVsb2NhdGlvbl9UUkIyMDA0LTAwMjE2MS5wZGbSCRcYGVdOUy5kYXRhgAZPEQIuAAAAAAIuAAIAAAxNYWNpbnRvc2ggSEQAAAAAAAAAAAAAAAAAAADKQQYMSCsAAAEdML0fVXNlckJhc2VkUmVsb2NhdGlvbiMxMkI5RThELnBkZgAAAAAAAAAAAAAAAAAAAAAAAAAAAAAAAAAAAAAAAAAAASuejc6FpSwAAAAAAAAAAAABAAMAAAkgAAAAAAAAAAAAAAAAAAAABERvY3MAEAAIAADKQOnsAAAAEQAIAADOhYkMAAAAAQAcAR0wvQEdMLsBEk5wAJDCKQAFAhUABQIUAAC+7AACAG5NYWNpbnRvc2ggSEQ6VXNlcnM6AEp1c3RlOgBEb2N1bWVudHM6AENvbXBsZXhTeXN0ZW1zOgBDaXR5QmlrZXM6AEJpYmxpbzoARG9jczoAVXNlckJhc2VkUmVsb2NhdGlvbiMxMkI5RThELnBkZgAOAE4AJgBVAHMAZQByAEIAYQBzAGUAZABSAGUAbABvAGMAYQB0AGkAbwBuAF8AVABSAEIAMgAwADAANAAtADAAMAAyADEANgAxAC4AcABkAGYADwAaAAwATQBhAGMAaQBuAHQAbwBzAGgAIABIAEQAEgBhVXNlcnMvSnVzdGUvRG9jdW1lbnRzL0NvbXBsZXhTeXN0ZW1zL0NpdHlCaWtlcy9CaWJsaW8vRG9jcy9Vc2VyQmFzZWRSZWxvY2F0aW9uX1RSQjIwMDQtMDAyMTYxLnBkZgAAEwABLwAAFQACAAz//wAA0hscHR5aJGNsYXNzbmFtZVgkY2xhc3Nlc11OU011dGFibGVEYXRhox0fIFZOU0RhdGFYTlNPYmplY3TSGxwiI1xOU0RpY3Rpb25hcnmiIiBfEA9OU0tleWVkQXJjaGl2ZXLRJidUcm9vdIABAAgAEQAaACMALQAyADcAQABGAE0AVABcAGcAaQBsAG4AcABzAHUAdwCEAI4AvADBAMkAywL9AwIDDQMWAyQDKAMvAzgDPQNKA00DXwNiA2cAAAAAAAACAQAAAAAAAAAoAAAAAAAAAAAAAAAAAAADaQ==}}

@article{barth1999simulation,
	Author = {Barth, Matthew and Todd, Michael},
	Date-Added = {2013-10-17 12:30:41 +0000},
	Date-Modified = {2013-10-17 12:30:41 +0000},
	Journal = {Transportation Research Part C: Emerging Technologies},
	Number = {4},
	Pages = {237--259},
	Publisher = {Elsevier},
	Title = {Simulation model performance analysis of a multiple station shared vehicle system},
	Volume = {7},
	Year = {1999},
	Bdsk-File-1 = {YnBsaXN0MDDUAQIDBAUGJCVYJHZlcnNpb25YJG9iamVjdHNZJGFyY2hpdmVyVCR0b3ASAAGGoKgHCBMUFRYaIVUkbnVsbNMJCgsMDRBWJGNsYXNzV05TLmtleXNaTlMub2JqZWN0c4AHog4PgAKAA6IREoAEgAVccmVsYXRpdmVQYXRoWWFsaWFzRGF0YV8QIERvY3MvQ2Fyc1BlcmZBbmFseXNpc19iYXJ0aDEucGRm0gkXGBlXTlMuZGF0YYAGTxECCAAAAAACCAACAAAMTWFjaW50b3NoIEhEAAAAAAAAAAAAAAAAAAAAykEGDEgrAAABHTC9G0NhcnNQZXJmQW5hbHlzaXNfYmFydGgxLnBkZgAAAAAAAAAAAAAAAAAAAAAAAAAAAAAAAAAAAAAAAAAAAAAAAAErnYDOhaT1AAAAAAAAAAAAAQADAAAJIAAAAAAAAAAAAAAAAAAAAAREb2NzABAACAAAykDp7AAAABEACAAAzoWI1QAAAAEAHAEdML0BHTC7ARJOcACQwikABQIVAAUCFAAAvuwAAgBqTWFjaW50b3NoIEhEOlVzZXJzOgBKdXN0ZToARG9jdW1lbnRzOgBDb21wbGV4U3lzdGVtczoAQ2l0eUJpa2VzOgBCaWJsaW86AERvY3M6AENhcnNQZXJmQW5hbHlzaXNfYmFydGgxLnBkZgAOADgAGwBDAGEAcgBzAFAAZQByAGYAQQBuAGEAbAB5AHMAaQBzAF8AYgBhAHIAdABoADEALgBwAGQAZgAPABoADABNAGEAYwBpAG4AdABvAHMAaAAgAEgARAASAFZVc2Vycy9KdXN0ZS9Eb2N1bWVudHMvQ29tcGxleFN5c3RlbXMvQ2l0eUJpa2VzL0JpYmxpby9Eb2NzL0NhcnNQZXJmQW5hbHlzaXNfYmFydGgxLnBkZgATAAEvAAAVAAIADP//AADSGxwdHlokY2xhc3NuYW1lWCRjbGFzc2VzXU5TTXV0YWJsZURhdGGjHR8gVk5TRGF0YVhOU09iamVjdNIbHCIjXE5TRGljdGlvbmFyeaIiIF8QD05TS2V5ZWRBcmNoaXZlctEmJ1Ryb290gAEACAARABoAIwAtADIANwBAAEYATQBUAFwAZwBpAGwAbgBwAHMAdQB3AIQAjgCxALYAvgDAAswC0QLcAuUC8wL3Av4DBwMMAxkDHAMuAzEDNgAAAAAAAAIBAAAAAAAAACgAAAAAAAAAAAAAAAAAAAM4}}

@article{borgnat2011shared,
	Author = {Borgnat, Pierre and Abry, Patrice and Flandrin, Patrick and Robardet, C{\'e}line and Rouquier, Jean-Baptiste and Fleury, Eric},
	Date-Added = {2013-10-16 13:16:44 +0000},
	Date-Modified = {2013-10-16 13:16:44 +0000},
	Journal = {Advances in Complex Systems},
	Number = {03},
	Pages = {415--438},
	Publisher = {World Scientific},
	Title = {Shared bicycles in a city: A signal processing and data analysis perspective},
	Volume = {14},
	Year = {2011},
	Bdsk-File-1 = {YnBsaXN0MDDUAQIDBAUGJCVYJHZlcnNpb25YJG9iamVjdHNZJGFyY2hpdmVyVCR0b3ASAAGGoKgHCBMUFRYaIVUkbnVsbNMJCgsMDRBWJGNsYXNzV05TLmtleXNaTlMub2JqZWN0c4AHog4PgAKAA6IREoAEgAVccmVsYXRpdmVQYXRoWWFsaWFzRGF0YV8QKURvY3MvVmVsb3ZFbXBpcmljYWxBbmFseXNpc192ZWxvdl9hY3MucGRm0gkXGBlXTlMuZGF0YYAGTxECKAAAAAACKAACAAAMTWFjaW50b3NoIEhEAAAAAAAAAAAAAAAAAAAAykEGDEgrAAABHTC9H1ZlbG92RW1waXJpY2FsQW5hbHkjMTJCMTExRi5wZGYAAAAAAAAAAAAAAAAAAAAAAAAAAAAAAAAAAAAAAAAAAAErER/OhF47AAAAAAAAAAAAAQADAAAJIAAAAAAAAAAAAAAAAAAAAAREb2NzABAACAAAykDp7AAAABEACAAAzoRCGwAAAAEAHAEdML0BHTC7ARJOcACQwikABQIVAAUCFAAAvuwAAgBuTWFjaW50b3NoIEhEOlVzZXJzOgBKdXN0ZToARG9jdW1lbnRzOgBDb21wbGV4U3lzdGVtczoAQ2l0eUJpa2VzOgBCaWJsaW86AERvY3M6AFZlbG92RW1waXJpY2FsQW5hbHkjMTJCMTExRi5wZGYADgBKACQAVgBlAGwAbwB2AEUAbQBwAGkAcgBpAGMAYQBsAEEAbgBhAGwAeQBzAGkAcwBfAHYAZQBsAG8AdgBfAGEAYwBzAC4AcABkAGYADwAaAAwATQBhAGMAaQBuAHQAbwBzAGgAIABIAEQAEgBfVXNlcnMvSnVzdGUvRG9jdW1lbnRzL0NvbXBsZXhTeXN0ZW1zL0NpdHlCaWtlcy9CaWJsaW8vRG9jcy9WZWxvdkVtcGlyaWNhbEFuYWx5c2lzX3ZlbG92X2Fjcy5wZGYAABMAAS8AABUAAgAM//8AANIbHB0eWiRjbGFzc25hbWVYJGNsYXNzZXNdTlNNdXRhYmxlRGF0YaMdHyBWTlNEYXRhWE5TT2JqZWN00hscIiNcTlNEaWN0aW9uYXJ5oiIgXxAPTlNLZXllZEFyY2hpdmVy0SYnVHJvb3SAAQAIABEAGgAjAC0AMgA3AEAARgBNAFQAXABnAGkAbABuAHAAcwB1AHcAhACOALoAvwDHAMkC9QL6AwUDDgMcAyADJwMwAzUDQgNFA1cDWgNfAAAAAAAAAgEAAAAAAAAAKAAAAAAAAAAAAAAAAAAAA2E=}}

@article{nair2013large,
	Author = {Nair, Rahul and Miller-Hooks, Elise and Hampshire, Robert C and Bu{\v{s}}i{\'c}, Ana},
	Date-Added = {2013-10-16 10:06:15 +0000},
	Date-Modified = {2013-10-16 10:06:15 +0000},
	Journal = {International Journal of Sustainable Transportation},
	Number = {1},
	Pages = {85--106},
	Publisher = {Taylor \& Francis},
	Title = {Large-Scale Vehicle Sharing Systems: Analysis of V{\'e}lib'},
	Volume = {7},
	Year = {2013},
	Bdsk-File-1 = {YnBsaXN0MDDUAQIDBAUGJCVYJHZlcnNpb25YJG9iamVjdHNZJGFyY2hpdmVyVCR0b3ASAAGGoKgHCBMUFRYaIVUkbnVsbNMJCgsMDRBWJGNsYXNzV05TLmtleXNaTlMub2JqZWN0c4AHog4PgAKAA6IREoAEgAVccmVsYXRpdmVQYXRoWWFsaWFzRGF0YV8QLURvY3MvVkxpYkFuYWx5c2lzMTU1NjgzMTglMkUyMDEyJTJFNjYwMTE1LnBkZtIJFxgZV05TLmRhdGGABk8RAjQAAAAAAjQAAgAADE1hY2ludG9zaCBIRAAAAAAAAAAAAAAAAAAAAMpBBgxIKwAAAR0wvR9WTGliQW5hbHlzaXMxNTU2ODMxIzEyQURBMEUucGRmAAAAAAAAAAAAAAAAAAAAAAAAAAAAAAAAAAAAAAAAAAABKtoOzoQxvAAAAAAAAAAAAAEAAwAACSAAAAAAAAAAAAAAAAAAAAAERG9jcwAQAAgAAMpA6ewAAAARAAgAAM6EFZwAAAABABwBHTC9AR0wuwESTnAAkMIpAAUCFQAFAhQAAL7sAAIAbk1hY2ludG9zaCBIRDpVc2VyczoASnVzdGU6AERvY3VtZW50czoAQ29tcGxleFN5c3RlbXM6AENpdHlCaWtlczoAQmlibGlvOgBEb2NzOgBWTGliQW5hbHlzaXMxNTU2ODMxIzEyQURBMEUucGRmAA4AUgAoAFYATABpAGIAQQBuAGEAbAB5AHMAaQBzADEANQA1ADYAOAAzADEAOAAlADIARQAyADAAMQAyACUAMgBFADYANgAwADEAMQA1AC4AcABkAGYADwAaAAwATQBhAGMAaQBuAHQAbwBzAGgAIABIAEQAEgBjVXNlcnMvSnVzdGUvRG9jdW1lbnRzL0NvbXBsZXhTeXN0ZW1zL0NpdHlCaWtlcy9CaWJsaW8vRG9jcy9WTGliQW5hbHlzaXMxNTU2ODMxOCUyRTIwMTIlMkU2NjAxMTUucGRmAAATAAEvAAAVAAIADP//AADSGxwdHlokY2xhc3NuYW1lWCRjbGFzc2VzXU5TTXV0YWJsZURhdGGjHR8gVk5TRGF0YVhOU09iamVjdNIbHCIjXE5TRGljdGlvbmFyeaIiIF8QD05TS2V5ZWRBcmNoaXZlctEmJ1Ryb290gAEACAARABoAIwAtADIANwBAAEYATQBUAFwAZwBpAGwAbgBwAHMAdQB3AIQAjgC+AMMAywDNAwUDCgMVAx4DLAMwAzcDQANFA1IDVQNnA2oDbwAAAAAAAAIBAAAAAAAAACgAAAAAAAAAAAAAAAAAAANx}}

@article{o2013mining,
	Author = {O'Brien, Oliver and Cheshire, James and Batty, Michael},
	Date-Added = {2013-10-16 09:50:03 +0000},
	Date-Modified = {2013-10-16 09:50:03 +0000},
	Journal = {Journal of Transport Geography},
	Publisher = {Elsevier},
	Title = {Mining bicycle sharing data for generating insights into sustainable transport systems},
	Year = {2013},
	Bdsk-File-1 = {YnBsaXN0MDDUAQIDBAUGJCVYJHZlcnNpb25YJG9iamVjdHNZJGFyY2hpdmVyVCR0b3ASAAGGoKgHCBMUFRYaIVUkbnVsbNMJCgsMDRBWJGNsYXNzV05TLmtleXNaTlMub2JqZWN0c4AHog4PgAKAA6IREoAEgAVccmVsYXRpdmVQYXRoWWFsaWFzRGF0YV8QK0RvY3MvTWluaW5nQ2l0eUJpa2VzRGF0YV9CQVRUWS1KVEctMjAxMy5wZGbSCRcYGVdOUy5kYXRhgAZPEQIuAAAAAAIuAAIAAAxNYWNpbnRvc2ggSEQAAAAAAAAAAAAAAAAAAADKQQYMSCsAAAEdML0fTWluaW5nQ2l0eUJpa2VzRGF0YSMxMkFCRUNGLnBkZgAAAAAAAAAAAAAAAAAAAAAAAAAAAAAAAAAAAAAAAAAAASq+z86ELbYAAAAAAAAAAAABAAMAAAkgAAAAAAAAAAAAAAAAAAAABERvY3MAEAAIAADKQOnsAAAAEQAIAADOhBGWAAAAAQAcAR0wvQEdMLsBEk5wAJDCKQAFAhUABQIUAAC+7AACAG5NYWNpbnRvc2ggSEQ6VXNlcnM6AEp1c3RlOgBEb2N1bWVudHM6AENvbXBsZXhTeXN0ZW1zOgBDaXR5QmlrZXM6AEJpYmxpbzoARG9jczoATWluaW5nQ2l0eUJpa2VzRGF0YSMxMkFCRUNGLnBkZgAOAE4AJgBNAGkAbgBpAG4AZwBDAGkAdAB5AEIAaQBrAGUAcwBEAGEAdABhAF8AQgBBAFQAVABZAC0ASgBUAEcALQAyADAAMQAzAC4AcABkAGYADwAaAAwATQBhAGMAaQBuAHQAbwBzAGgAIABIAEQAEgBhVXNlcnMvSnVzdGUvRG9jdW1lbnRzL0NvbXBsZXhTeXN0ZW1zL0NpdHlCaWtlcy9CaWJsaW8vRG9jcy9NaW5pbmdDaXR5QmlrZXNEYXRhX0JBVFRZLUpURy0yMDEzLnBkZgAAEwABLwAAFQACAAz//wAA0hscHR5aJGNsYXNzbmFtZVgkY2xhc3Nlc11OU011dGFibGVEYXRhox0fIFZOU0RhdGFYTlNPYmplY3TSGxwiI1xOU0RpY3Rpb25hcnmiIiBfEA9OU0tleWVkQXJjaGl2ZXLRJidUcm9vdIABAAgAEQAaACMALQAyADcAQABGAE0AVABcAGcAaQBsAG4AcABzAHUAdwCEAI4AvADBAMkAywL9AwIDDQMWAyQDKAMvAzgDPQNKA00DXwNiA2cAAAAAAAACAQAAAAAAAAAoAAAAAAAAAAAAAAAAAAADaQ==}}

@article{gifford2004will,
	Author = {Gifford, Jonathan and Campus, Arlington},
	Date-Added = {2013-10-09 10:38:17 +0000},
	Date-Modified = {2013-10-09 10:38:17 +0000},
	Journal = {Center for Urban Transportation Research},
	Number = {2},
	Pages = {1},
	Title = {Will smart bikes succeed as public transportation in the United States?},
	Volume = {7},
	Year = {2004},
	Bdsk-File-1 = {YnBsaXN0MDDUAQIDBAUGJCVYJHZlcnNpb25YJG9iamVjdHNZJGFyY2hpdmVyVCR0b3ASAAGGoKgHCBMUFRYaIVUkbnVsbNMJCgsMDRBWJGNsYXNzV05TLmtleXNaTlMub2JqZWN0c4AHog4PgAKAA6IREoAEgAVccmVsYXRpdmVQYXRoWWFsaWFzRGF0YV8QEERvY3MvSlBUIDctMi5wZGbSCRcYGVdOUy5kYXRhgAZPEQHIAAAAAAHIAAIAAAxNYWNpbnRvc2ggSEQAAAAAAAAAAAAAAAAAAADKQQYMSCsAAAEdML0LSlBUIDctMi5wZGYAAAAAAAAAAAAAAAAAAAAAAAAAAAAAAAAAAAAAAAAAAAAAAAAAAAAAAAAAAAAAAAAAAAAAASW72856/oYAAAAAAAAAAAABAAMAAAkgAAAAAAAAAAAAAAAAAAAABERvY3MAEAAIAADKQOnsAAAAEQAIAADOeuJmAAAAAQAcAR0wvQEdMLsBEk5wAJDCKQAFAhUABQIUAAC+7AACAFpNYWNpbnRvc2ggSEQ6VXNlcnM6AEp1c3RlOgBEb2N1bWVudHM6AENvbXBsZXhTeXN0ZW1zOgBDaXR5QmlrZXM6AEJpYmxpbzoARG9jczoASlBUIDctMi5wZGYADgAYAAsASgBQAFQAIAA3AC0AMgAuAHAAZABmAA8AGgAMAE0AYQBjAGkAbgB0AG8AcwBoACAASABEABIARlVzZXJzL0p1c3RlL0RvY3VtZW50cy9Db21wbGV4U3lzdGVtcy9DaXR5QmlrZXMvQmlibGlvL0RvY3MvSlBUIDctMi5wZGYAEwABLwAAFQACAAz//wAA0hscHR5aJGNsYXNzbmFtZVgkY2xhc3Nlc11OU011dGFibGVEYXRhox0fIFZOU0RhdGFYTlNPYmplY3TSGxwiI1xOU0RpY3Rpb25hcnmiIiBfEA9OU0tleWVkQXJjaGl2ZXLRJidUcm9vdIABAAgAEQAaACMALQAyADcAQABGAE0AVABcAGcAaQBsAG4AcABzAHUAdwCEAI4AoQCmAK4AsAJ8AoECjAKVAqMCpwKuArcCvALJAswC3gLhAuYAAAAAAAACAQAAAAAAAAAoAAAAAAAAAAAAAAAAAAAC6A==}}

@book{bennett2010openstreetmap,
	Author = {Bennett, Jonathan},
	Date-Added = {2013-10-09 10:38:02 +0000},
	Date-Modified = {2013-10-09 10:38:02 +0000},
	Publisher = {Packt Publishing},
	Title = {OpenStreetMap},
	Year = {2010}}

@article{geng2009bike,
	Author = {Geng, Xue and TIAN, Kai and ZHANG, Yu and LI, Qing},
	Date-Added = {2013-10-09 10:26:46 +0000},
	Date-Modified = {2013-10-09 10:26:46 +0000},
	Journal = {Urban Transport of China},
	Pages = {008},
	Title = {Bike Rental Station Planning and Design in Paris [J]},
	Volume = {4},
	Year = {2009}}

@article{anderson2007paris,
	Author = {Anderson, John Ward},
	Date-Added = {2013-10-09 10:24:28 +0000},
	Date-Modified = {2013-10-09 10:24:28 +0000},
	Journal = {Washington Post Foreign Service},
	Title = {Paris embraces plan to become city of bikes},
	Year = {2007},
	Bdsk-File-1 = {YnBsaXN0MDDUAQIDBAUGJCVYJHZlcnNpb25YJG9iamVjdHNZJGFyY2hpdmVyVCR0b3ASAAGGoKgHCBMUFRYaIVUkbnVsbNMJCgsMDRBWJGNsYXNzV05TLmtleXNaTlMub2JqZWN0c4AHog4PgAKAA6IREoAEgAVccmVsYXRpdmVQYXRoWWFsaWFzRGF0YV8QFURvY3MvSm91cm5hbGlzdGljLnBkZtIJFxgZV05TLmRhdGGABk8RAd4AAAAAAd4AAgAADE1hY2ludG9zaCBIRAAAAAAAAAAAAAAAAAAAAMpBBgxIKwAAAR0wvRBKb3VybmFsaXN0aWMucGRmAAAAAAAAAAAAAAAAAAAAAAAAAAAAAAAAAAAAAAAAAAAAAAAAAAAAAAAAAAAAAAABJbKrznr7QQAAAAAAAAAAAAEAAwAACSAAAAAAAAAAAAAAAAAAAAAERG9jcwAQAAgAAMpA6ewAAAARAAgAAM563yEAAAABABwBHTC9AR0wuwESTnAAkMIpAAUCFQAFAhQAAL7sAAIAX01hY2ludG9zaCBIRDpVc2VyczoASnVzdGU6AERvY3VtZW50czoAQ29tcGxleFN5c3RlbXM6AENpdHlCaWtlczoAQmlibGlvOgBEb2NzOgBKb3VybmFsaXN0aWMucGRmAAAOACIAEABKAG8AdQByAG4AYQBsAGkAcwB0AGkAYwAuAHAAZABmAA8AGgAMAE0AYQBjAGkAbgB0AG8AcwBoACAASABEABIAS1VzZXJzL0p1c3RlL0RvY3VtZW50cy9Db21wbGV4U3lzdGVtcy9DaXR5QmlrZXMvQmlibGlvL0RvY3MvSm91cm5hbGlzdGljLnBkZgAAEwABLwAAFQACAAz//wAA0hscHR5aJGNsYXNzbmFtZVgkY2xhc3Nlc11OU011dGFibGVEYXRhox0fIFZOU0RhdGFYTlNPYmplY3TSGxwiI1xOU0RpY3Rpb25hcnmiIiBfEA9OU0tleWVkQXJjaGl2ZXLRJidUcm9vdIABAAgAEQAaACMALQAyADcAQABGAE0AVABcAGcAaQBsAG4AcABzAHUAdwCEAI4ApgCrALMAtQKXApwCpwKwAr4CwgLJAtIC1wLkAucC+QL8AwEAAAAAAAACAQAAAAAAAAAoAAAAAAAAAAAAAAAAAAADAw==}}

@article{midgley2009role,
	Author = {Midgley, Peter},
	Date-Added = {2013-10-09 10:22:06 +0000},
	Date-Modified = {2013-10-09 10:22:06 +0000},
	Journal = {JOURNEYS},
	Pages = {23--31},
	Title = {The role of smart bike-sharing systems in urban mobility},
	Volume = {2},
	Year = {2009},
	Bdsk-File-1 = {YnBsaXN0MDDUAQIDBAUGJCVYJHZlcnNpb25YJG9iamVjdHNZJGFyY2hpdmVyVCR0b3ASAAGGoKgHCBMUFRYaIVUkbnVsbNMJCgsMDRBWJGNsYXNzV05TLmtleXNaTlMub2JqZWN0c4AHog4PgAKAA6IREoAEgAVccmVsYXRpdmVQYXRoWWFsaWFzRGF0YV8QGERvY3MvMTItbHRhLWpvdXJuZXlzLnBkZtIJFxgZV05TLmRhdGGABk8RAegAAAAAAegAAgAADE1hY2ludG9zaCBIRAAAAAAAAAAAAAAAAAAAAMpBBgxIKwAAAR0wvRMxMi1sdGEtam91cm5leXMucGRmAAAAAAAAAAAAAAAAAAAAAAAAAAAAAAAAAAAAAAAAAAAAAAAAAAAAAAAAAAABJad7znr6qAAAAAAAAAAAAAEAAwAACSAAAAAAAAAAAAAAAAAAAAAERG9jcwAQAAgAAMpA6ewAAAARAAgAAM563ogAAAABABwBHTC9AR0wuwESTnAAkMIpAAUCFQAFAhQAAL7sAAIAYk1hY2ludG9zaCBIRDpVc2VyczoASnVzdGU6AERvY3VtZW50czoAQ29tcGxleFN5c3RlbXM6AENpdHlCaWtlczoAQmlibGlvOgBEb2NzOgAxMi1sdGEtam91cm5leXMucGRmAA4AKAATADEAMgAtAGwAdABhAC0AagBvAHUAcgBuAGUAeQBzAC4AcABkAGYADwAaAAwATQBhAGMAaQBuAHQAbwBzAGgAIABIAEQAEgBOVXNlcnMvSnVzdGUvRG9jdW1lbnRzL0NvbXBsZXhTeXN0ZW1zL0NpdHlCaWtlcy9CaWJsaW8vRG9jcy8xMi1sdGEtam91cm5leXMucGRmABMAAS8AABUAAgAM//8AANIbHB0eWiRjbGFzc25hbWVYJGNsYXNzZXNdTlNNdXRhYmxlRGF0YaMdHyBWTlNEYXRhWE5TT2JqZWN00hscIiNcTlNEaWN0aW9uYXJ5oiIgXxAPTlNLZXllZEFyY2hpdmVy0SYnVHJvb3SAAQAIABEAGgAjAC0AMgA3AEAARgBNAFQAXABnAGkAbABuAHAAcwB1AHcAhACOAKkArgC2ALgCpAKpArQCvQLLAs8C1gLfAuQC8QL0AwYDCQMOAAAAAAAAAgEAAAAAAAAAKAAAAAAAAAAAAAAAAAAAAxA=}}

@inproceedings{michau2011peut,
	Author = {Michau, Gabriel and Robardet, C{\'e}line and Merchez, Luc and Jensen, Pablo and Abry, Patrice and Flandrin, Patrick and Borgnat, Pierre},
	Booktitle = {Proceedings of the 23e Colloque sur le Traitement du Signal et des Images. GRETSI-201},
	Date-Added = {2013-09-30 19:46:16 +0000},
	Date-Modified = {2013-09-30 19:46:16 +0000},
	Pages = {46--50},
	Title = {Peut-on attraper les utilisateurs de v{\'e}lo'v au lasso},
	Year = {2011},
	Bdsk-File-1 = {YnBsaXN0MDDUAQIDBAUGJCVYJHZlcnNpb25YJG9iamVjdHNZJGFyY2hpdmVyVCR0b3ASAAGGoKgHCBMUFRYaIVUkbnVsbNMJCgsMDRBWJGNsYXNzV05TLmtleXNaTlMub2JqZWN0c4AHog4PgAKAA6IREoAEgAVccmVsYXRpdmVQYXRoWWFsaWFzRGF0YV8QJkRvY3MvTGFzc29fZXN0aW1hdGlvbl9jX2JvcmduYXQ0NDEucGRm0gkXGBlXTlMuZGF0YYAGTxECHgAAAAACHgACAAAMTWFjaW50b3NoIEhEAAAAAAAAAAAAAAAAAAAAykEGDEgrAAABHTC9H0xhc3NvX2VzdGltYXRpb25fY18jMTFERjBBMS5wZGYAAAAAAAAAAAAAAAAAAAAAAAAAAAAAAAAAAAAAAAAAAAEd8KHOb6GGAAAAAAAAAAAAAQADAAAJIAAAAAAAAAAAAAAAAAAAAAREb2NzABAACAAAykDp7AAAABEACAAAzm+FZgAAAAEAHAEdML0BHTC7ARJOcACQwikABQIVAAUCFAAAvuwAAgBuTWFjaW50b3NoIEhEOlVzZXJzOgBKdXN0ZToARG9jdW1lbnRzOgBDb21wbGV4U3lzdGVtczoAQ2l0eUJpa2VzOgBCaWJsaW86AERvY3M6AExhc3NvX2VzdGltYXRpb25fY18jMTFERjBBMS5wZGYADgBEACEATABhAHMAcwBvAF8AZQBzAHQAaQBtAGEAdABpAG8AbgBfAGMAXwBiAG8AcgBnAG4AYQB0ADQANAAxAC4AcABkAGYADwAaAAwATQBhAGMAaQBuAHQAbwBzAGgAIABIAEQAEgBcVXNlcnMvSnVzdGUvRG9jdW1lbnRzL0NvbXBsZXhTeXN0ZW1zL0NpdHlCaWtlcy9CaWJsaW8vRG9jcy9MYXNzb19lc3RpbWF0aW9uX2NfYm9yZ25hdDQ0MS5wZGYAEwABLwAAFQACAAz//wAA0hscHR5aJGNsYXNzbmFtZVgkY2xhc3Nlc11OU011dGFibGVEYXRhox0fIFZOU0RhdGFYTlNPYmplY3TSGxwiI1xOU0RpY3Rpb25hcnmiIiBfEA9OU0tleWVkQXJjaGl2ZXLRJidUcm9vdIABAAgAEQAaACMALQAyADcAQABGAE0AVABcAGcAaQBsAG4AcABzAHUAdwCEAI4AtwC8AMQAxgLoAu0C+AMBAw8DEwMaAyMDKAM1AzgDSgNNA1IAAAAAAAACAQAAAAAAAAAoAAAAAAAAAAAAAAAAAAADVA==}}

@inproceedings{borgnat2009spatial,
	Author = {Borgnat, Pierre and Fleury, Eric and Robardet, C{\'e}line and Scherrer, Antoine and others},
	Booktitle = {European Conference on Complex Systems 2009},
	Date-Added = {2013-09-30 17:29:35 +0000},
	Date-Modified = {2013-09-30 17:29:35 +0000},
	Title = {Spatial analysis of dynamic movements of V{\'e}lo'v, Lyon's shared bicycle program},
	Year = {2009},
	Bdsk-File-1 = {YnBsaXN0MDDUAQIDBAUGJCVYJHZlcnNpb25YJG9iamVjdHNZJGFyY2hpdmVyVCR0b3ASAAGGoKgHCBMUFRYaIVUkbnVsbNMJCgsMDRBWJGNsYXNzV05TLmtleXNaTlMub2JqZWN0c4AHog4PgAKAA6IREoAEgAVccmVsYXRpdmVQYXRoWWFsaWFzRGF0YV8QGERvY3Mvc3BhdGlhbEFuYWx5c2lzLnBkZtIJFxgZV05TLmRhdGGABk8RAegAAAAAAegAAgAADE1hY2ludG9zaCBIRAAAAAAAAAAAAAAAAAAAAMpBBgxIKwAAAR0wvRNzcGF0aWFsQW5hbHlzaXMucGRmAAAAAAAAAAAAAAAAAAAAAAAAAAAAAAAAAAAAAAAAAAAAAAAAAAAAAAAAAAABHVeizm+BhwAAAAAAAAAAAAEAAwAACSAAAAAAAAAAAAAAAAAAAAAERG9jcwAQAAgAAMpA6ewAAAARAAgAAM5vZWcAAAABABwBHTC9AR0wuwESTnAAkMIpAAUCFQAFAhQAAL7sAAIAYk1hY2ludG9zaCBIRDpVc2VyczoASnVzdGU6AERvY3VtZW50czoAQ29tcGxleFN5c3RlbXM6AENpdHlCaWtlczoAQmlibGlvOgBEb2NzOgBzcGF0aWFsQW5hbHlzaXMucGRmAA4AKAATAHMAcABhAHQAaQBhAGwAQQBuAGEAbAB5AHMAaQBzAC4AcABkAGYADwAaAAwATQBhAGMAaQBuAHQAbwBzAGgAIABIAEQAEgBOVXNlcnMvSnVzdGUvRG9jdW1lbnRzL0NvbXBsZXhTeXN0ZW1zL0NpdHlCaWtlcy9CaWJsaW8vRG9jcy9zcGF0aWFsQW5hbHlzaXMucGRmABMAAS8AABUAAgAM//8AANIbHB0eWiRjbGFzc25hbWVYJGNsYXNzZXNdTlNNdXRhYmxlRGF0YaMdHyBWTlNEYXRhWE5TT2JqZWN00hscIiNcTlNEaWN0aW9uYXJ5oiIgXxAPTlNLZXllZEFyY2hpdmVy0SYnVHJvb3SAAQAIABEAGgAjAC0AMgA3AEAARgBNAFQAXABnAGkAbABuAHAAcwB1AHcAhACOAKkArgC2ALgCpAKpArQCvQLLAs8C1gLfAuQC8QL0AwYDCQMOAAAAAAAAAgEAAAAAAAAAKAAAAAAAAAAAAAAAAAAAAxA=}}

@inproceedings{borgnat2009modelisation,
	Author = {Borgnat, Pierre and Abry, Patrice and Flandrin, Patrick},
	Booktitle = {XXIIe colloque GRETSI (traitement du signal et des images), Dijon (FRA), 8-11 septembre 2009},
	Date-Added = {2013-09-30 17:28:21 +0000},
	Date-Modified = {2013-09-30 17:28:21 +0000},
	Organization = {GRETSI, Groupe d'Etudes du Traitement du Signal et des Images},
	Title = {Mod{\'e}lisation statistique cyclique des locations de V{\'e}lo'v {\`a} Lyon},
	Year = {2009},
	Bdsk-File-1 = {YnBsaXN0MDDUAQIDBAUGJCVYJHZlcnNpb25YJG9iamVjdHNZJGFyY2hpdmVyVCR0b3ASAAGGoKgHCBMUFRYaIVUkbnVsbNMJCgsMDRBWJGNsYXNzV05TLmtleXNaTlMub2JqZWN0c4AHog4PgAKAA6IREoAEgAVccmVsYXRpdmVQYXRoWWFsaWFzRGF0YV8QIERvY3MvU3RhdGlzdGljYWxfYm9yZ25hdF80NDkucGRm0gkXGBlXTlMuZGF0YYAGTxECCAAAAAACCAACAAAMTWFjaW50b3NoIEhEAAAAAAAAAAAAAAAAAAAAykEGDEgrAAABHTC9G1N0YXRpc3RpY2FsX2JvcmduYXRfNDQ5LnBkZgAAAAAAAAAAAAAAAAAAAAAAAAAAAAAAAAAAAAAAAAAAAAAAAAEdUOvOb4EvAAAAAAAAAAAAAQADAAAJIAAAAAAAAAAAAAAAAAAAAAREb2NzABAACAAAykDp7AAAABEACAAAzm9lDwAAAAEAHAEdML0BHTC7ARJOcACQwikABQIVAAUCFAAAvuwAAgBqTWFjaW50b3NoIEhEOlVzZXJzOgBKdXN0ZToARG9jdW1lbnRzOgBDb21wbGV4U3lzdGVtczoAQ2l0eUJpa2VzOgBCaWJsaW86AERvY3M6AFN0YXRpc3RpY2FsX2JvcmduYXRfNDQ5LnBkZgAOADgAGwBTAHQAYQB0AGkAcwB0AGkAYwBhAGwAXwBiAG8AcgBnAG4AYQB0AF8ANAA0ADkALgBwAGQAZgAPABoADABNAGEAYwBpAG4AdABvAHMAaAAgAEgARAASAFZVc2Vycy9KdXN0ZS9Eb2N1bWVudHMvQ29tcGxleFN5c3RlbXMvQ2l0eUJpa2VzL0JpYmxpby9Eb2NzL1N0YXRpc3RpY2FsX2JvcmduYXRfNDQ5LnBkZgATAAEvAAAVAAIADP//AADSGxwdHlokY2xhc3NuYW1lWCRjbGFzc2VzXU5TTXV0YWJsZURhdGGjHR8gVk5TRGF0YVhOU09iamVjdNIbHCIjXE5TRGljdGlvbmFyeaIiIF8QD05TS2V5ZWRBcmNoaXZlctEmJ1Ryb290gAEACAARABoAIwAtADIANwBAAEYATQBUAFwAZwBpAGwAbgBwAHMAdQB3AIQAjgCxALYAvgDAAswC0QLcAuUC8wL3Av4DBwMMAxkDHAMuAzEDNgAAAAAAAAIBAAAAAAAAACgAAAAAAAAAAAAAAAAAAAM4}}

@inproceedings{borgnat2009studying,
	Author = {Borgnat, Pierre and Abry, Patrice and Flandrin, Patrick and Rouquier, Jean-Baptiste and others},
	Booktitle = {European Conference on Complex Systems 2009},
	Date-Added = {2013-09-30 17:27:03 +0000},
	Date-Modified = {2013-09-30 17:27:03 +0000},
	Title = {Studying Lyon's V{\'e}lo'v: a statistical cyclic model},
	Year = {2009},
	Bdsk-File-1 = {YnBsaXN0MDDUAQIDBAUGJCVYJHZlcnNpb25YJG9iamVjdHNZJGFyY2hpdmVyVCR0b3ASAAGGoKgHCBMUFRYaIVUkbnVsbNMJCgsMDRBWJGNsYXNzV05TLmtleXNaTlMub2JqZWN0c4AHog4PgAKAA6IREoAEgAVccmVsYXRpdmVQYXRoWWFsaWFzRGF0YV8QHkRvY3MvdmVsb3Zfc3VibV9FQ0NTXzA5X3YzLnBkZtIJFxgZV05TLmRhdGGABk8RAgAAAAAAAgAAAgAADE1hY2ludG9zaCBIRAAAAAAAAAAAAAAAAAAAAMpBBgxIKwAAAR0wvRl2ZWxvdl9zdWJtX0VDQ1NfMDlfdjMucGRmAAAAAAAAAAAAAAAAAAAAAAAAAAAAAAAAAAAAAAAAAAAAAAAAAAABHUyczm+A7AAAAAAAAAAAAAEAAwAACSAAAAAAAAAAAAAAAAAAAAAERG9jcwAQAAgAAMpA6ewAAAARAAgAAM5vZMwAAAABABwBHTC9AR0wuwESTnAAkMIpAAUCFQAFAhQAAL7sAAIAaE1hY2ludG9zaCBIRDpVc2VyczoASnVzdGU6AERvY3VtZW50czoAQ29tcGxleFN5c3RlbXM6AENpdHlCaWtlczoAQmlibGlvOgBEb2NzOgB2ZWxvdl9zdWJtX0VDQ1NfMDlfdjMucGRmAA4ANAAZAHYAZQBsAG8AdgBfAHMAdQBiAG0AXwBFAEMAQwBTAF8AMAA5AF8AdgAzAC4AcABkAGYADwAaAAwATQBhAGMAaQBuAHQAbwBzAGgAIABIAEQAEgBUVXNlcnMvSnVzdGUvRG9jdW1lbnRzL0NvbXBsZXhTeXN0ZW1zL0NpdHlCaWtlcy9CaWJsaW8vRG9jcy92ZWxvdl9zdWJtX0VDQ1NfMDlfdjMucGRmABMAAS8AABUAAgAM//8AANIbHB0eWiRjbGFzc25hbWVYJGNsYXNzZXNdTlNNdXRhYmxlRGF0YaMdHyBWTlNEYXRhWE5TT2JqZWN00hscIiNcTlNEaWN0aW9uYXJ5oiIgXxAPTlNLZXllZEFyY2hpdmVy0SYnVHJvb3SAAQAIABEAGgAjAC0AMgA3AEAARgBNAFQAXABnAGkAbABuAHAAcwB1AHcAhACOAK8AtAC8AL4CwgLHAtIC2wLpAu0C9AL9AwIDDwMSAyQDJwMsAAAAAAAAAgEAAAAAAAAAKAAAAAAAAAAAAAAAAAAAAy4=}}

@article{jensen2010characterizing,
	Author = {Jensen, Pablo and Rouquier, Jean-Baptiste and Ovtracht, Nicolas and Robardet, C{\'e}line},
	Date-Added = {2013-09-30 15:11:13 +0000},
	Date-Modified = {2013-09-30 15:11:13 +0000},
	Journal = {Transportation research part D: transport and environment},
	Number = {8},
	Pages = {522--524},
	Publisher = {Elsevier},
	Title = {Characterizing the speed and paths of shared bicycle use in Lyon},
	Volume = {15},
	Year = {2010},
	Bdsk-File-1 = {YnBsaXN0MDDUAQIDBAUGJCVYJHZlcnNpb25YJG9iamVjdHNZJGFyY2hpdmVyVCR0b3ASAAGGoKgHCBMUFRYaIVUkbnVsbNMJCgsMDRBWJGNsYXNzV05TLmtleXNaTlMub2JqZWN0c4AHog4PgAKAA6IREoAEgAVccmVsYXRpdmVQYXRoWWFsaWFzRGF0YV8QHERvY3MvVmVsb3ZTdGF0czEwMTEuNjI2Ni5wZGbSCRcYGVdOUy5kYXRhgAZPEQH4AAAAAAH4AAIAAAxNYWNpbnRvc2ggSEQAAAAAAAAAAAAAAAAAAADKQQYMSCsAAAEdML0XVmVsb3ZTdGF0czEwMTEuNjI2Ni5wZGYAAAAAAAAAAAAAAAAAAAAAAAAAAAAAAAAAAAAAAAAAAAAAAAAAAAAAAR0wr85vXq4AAAAAAAAAAAABAAMAAAkgAAAAAAAAAAAAAAAAAAAABERvY3MAEAAIAADKQOnsAAAAEQAIAADOb0KOAAAAAQAcAR0wvQEdMLsBEk5wAJDCKQAFAhUABQIUAAC+7AACAGZNYWNpbnRvc2ggSEQ6VXNlcnM6AEp1c3RlOgBEb2N1bWVudHM6AENvbXBsZXhTeXN0ZW1zOgBDaXR5QmlrZXM6AEJpYmxpbzoARG9jczoAVmVsb3ZTdGF0czEwMTEuNjI2Ni5wZGYADgAwABcAVgBlAGwAbwB2AFMAdABhAHQAcwAxADAAMQAxAC4ANgAyADYANgAuAHAAZABmAA8AGgAMAE0AYQBjAGkAbgB0AG8AcwBoACAASABEABIAUlVzZXJzL0p1c3RlL0RvY3VtZW50cy9Db21wbGV4U3lzdGVtcy9DaXR5QmlrZXMvQmlibGlvL0RvY3MvVmVsb3ZTdGF0czEwMTEuNjI2Ni5wZGYAEwABLwAAFQACAAz//wAA0hscHR5aJGNsYXNzbmFtZVgkY2xhc3Nlc11OU011dGFibGVEYXRhox0fIFZOU0RhdGFYTlNPYmplY3TSGxwiI1xOU0RpY3Rpb25hcnmiIiBfEA9OU0tleWVkQXJjaGl2ZXLRJidUcm9vdIABAAgAEQAaACMALQAyADcAQABGAE0AVABcAGcAaQBsAG4AcABzAHUAdwCEAI4ArQCyALoAvAK4Ar0CyALRAt8C4wLqAvMC+AMFAwgDGgMdAyIAAAAAAAACAQAAAAAAAAAoAAAAAAAAAAAAAAAAAAADJA==}}

@comment{BibDesk Static Groups{
<?xml version="1.0" encoding="UTF-8"?>
<!DOCTYPE plist PUBLIC "-//Apple//DTD PLIST 1.0//EN" "http://www.apple.com/DTDs/PropertyList-1.0.dtd">
<plist version="1.0">
<array>
	<dict>
		<key>group name</key>
		<string>DataMining</string>
		<key>keys</key>
		<string>vogel2011understanding,kaltenbrunner2010urban,nair2013large</string>
	</dict>
	<dict>
		<key>group name</key>
		<string>General</string>
		<key>keys</key>
		<string>anderson2007paris,demaio2009bike,bennett2010openstreetmap,gifford2004will</string>
	</dict>
	<dict>
		<key>group name</key>
		<string>RODesign</string>
		<key>keys</key>
		<string>lin2011strategic,lin2011hub</string>
	</dict>
	<dict>
		<key>group name</key>
		<string>Stats</string>
		<key>keys</key>
		<string>borgnat2009modelisation,borgnat2009spatial,borgnat2009studying,borgnat2011shared,michau2011peut</string>
	</dict>
</array>
</plist>
}}
